<record><leader>00000cas a22000007a 4500</leader><controlfield tag="001">27022125</controlfield><controlfield tag="008">921124d190u1915mouwr ne      0    0eng d</controlfield><datafield ind1=" " ind2=" " tag="010"><subfield code="a">sn 92059010 </subfield></datafield><datafield ind1=" " ind2=" " tag="040"><subfield code="a">MQN</subfield><subfield code="b">eng</subfield><subfield code="c">MQN</subfield><subfield code="d">OCLCQ</subfield></datafield><datafield ind1=" " ind2=" " tag="042"><subfield code="a">msc</subfield></datafield><datafield ind1="0" ind2="4" tag="245"><subfield code="a">The Bernie star.</subfield></datafield><datafield ind1=" " ind2=" " tag="260"><subfield code="a">Bernie, Mo. :</subfield><subfield code="b">Claude M. Wilkins</subfield></datafield><datafield ind1=" " ind2=" " tag="300"><subfield code="a">v.</subfield></datafield><datafield ind1=" " ind2=" " tag="310"><subfield code="a">Weekly</subfield></datafield><datafield ind1="1" ind2=" " tag="362"><subfield code="a">Began in 1906? Ceased in 1915.</subfield></datafield><datafield ind1=" " ind2=" " tag="588"><subfield code="a">Description based on: Vol. 7, no. 16 (Aug. 2, 1912).</subfield></datafield><datafield ind1=" " ind2="4" tag="651"><subfield code="a">Bernie (Mo.)</subfield><subfield code="v">Newspapers.</subfield></datafield><datafield ind1=" " ind2=" " tag="752"><subfield code="a">United States</subfield><subfield code="b">Missouri</subfield><subfield code="c">Stoddard</subfield><subfield code="d">Bernie.</subfield></datafield><datafield ind1="0" ind2="7" tag="785"><subfield code="t">Bernie news (Bernie, Mo. : 1913)</subfield><subfield code="w">(DLC)sn 89066215</subfield></datafield><datafield ind1="0" ind2="7" tag="785"><subfield code="t">Star-news (Bernie, Mo.)</subfield><subfield code="w">(DLC)sn 89066216</subfield></datafield></record>